@misc{text,
      title  = "Text classification in TensorFlow",
      url    = "https://github.com/tensorflow/tensorflow/tree/master/tensorflow/examples/learn#text-classification",
      howpublished = {\url{https://github.com/tensorflow/tensorflow/tree/master/tensorflow/examples/learn#text-classification}},
      year   = "2017 (accessed March 3, 2018)",
    }

@inproceedings{Sutskever:2011,
 author = {Sutskever, Ilya and Martens, James and Hinton, Geoffrey},
 title = {Generating Text with Recurrent Neural Networks},
 booktitle = {ICML},
 year = {2011},
}

@inproceedings{Liang:ICCAD17,
  author    = {Yun Liang and
               Xiuhong Li and
               Xiaolong Xie},
  title     = {Exploring cache bypassing and partitioning for multi-tasking on GPUs},
  booktitle = {ICCAD},
  year      = {2017},
}
@inproceedings{Delimitrou:2014,
 author = {Delimitrou, Christina and Kozyrakis, Christos},
 title = {Quasar: Resource-efficient and QoS-aware Cluster Management},
 booktitle = {ASPLOS},
 year = {2014},
}

@inproceedings{Subramanian:2015,
 author = {Subramanian, Lavanya and Seshadri, Vivek and Ghosh, Arnab and Khan, Samira and Mutlu, Onur},
 title = {The Application Slowdown Model: Quantifying and Controlling the Impact of Inter-application Interference at Shared Caches and Main Memory},
 booktitle = {MICRO},
 year = {2015},
}

@inproceedings{Yang:2013,
 author = {Yang, Hailong and Breslow, Alex and Mars, Jason and Tang, Lingjia},
 title = {Bubble-flux: Precise Online QoS Management for Increased Utilization in Warehouse Scale Computers},
 booktitle = {ISCA},
 year = {2013},
}

@inproceedings{Zhang:2014,
  author    = {Yunqi Zhang and
               Michael A. Laurenzano and
               Jason Mars and
               Lingjia Tang},
  title     = {SMiTe: Precise QoS Prediction on Real-System {SMT} Processors to Improve
               Utilization in Warehouse Scale Computers},
  booktitle = {MICRO},
  year      = {2014},
}

@inproceedings{Lo:2015,
 author = {Lo, David and Cheng, Liqun and Govindaraju, Rama and Ranganathan, Parthasarathy and Kozyrakis, Christos},
 title = {Heracles: Improving Resource Efficiency at Scale},
 booktitle = {ISCA},
 year = {2015},
}

@article{Tang:2013,
 author = {Tang, Lingjia and Mars, Jason and Wang, Wei and Dey, Tanima and Soffa, Mary Lou},
 title = {ReQoS: Reactive Static/Dynamic Compilation for QoS in Warehouse Scale Computers},
 journal = {SIGARCH Comput. Archit. News},
 volume = {41},
 number = {1},
 month = mar,
 year = {2013},
}

@article{Meisner:2009,
 author = {Meisner, David and Gold, Brian T. and Wenisch, Thomas F.},
 title = {PowerNap: Eliminating Server Idle Power},
 journal = {SIGARCH Comput. Archit. News},
 volume = {37},
 number = {1},
 month = mar,
 year = {2009},
 pages = {205--216},
}

@inproceedings{Zhang:2013,
 author = {Zhang, Xiao and Tune, Eric and Hagmann, Robert and Jnagal, Rohit and Gokhale, Vrigo and Wilkes, John},
 title = {CPI2: CPU Performance Isolation for Shared Compute Clusters},
 booktitle = {EuroSys},
 year = {2013},
}

@inproceedings{Lo:ISCA2014,
 author = {Lo, David and Cheng, Liqun and Govindaraju, Rama and Barroso, Luiz Andr{\'e} and Kozyrakis, Christos},
 title = {Towards Energy Proportionality for Large-scale Latency-critical Workloads},
 booktitle = {ISCA},
 year = {2014},
}

@article{Dean:CACM2013,
 author = {Dean, Jeffrey and Barroso, Luiz Andr{\'e}},
 title = {The Tail at Scale},
 journal = {Commun. ACM},
 issue_date = {February 2013},
 volume = {56},
 number = {2},
 month = feb,
 year = {2013},
 issn = {0001-0782},
 pages = {74--80},
 numpages = {7},
 publisher = {ACM},
 address = {New York, NY, USA},
}

@inproceedings{Sabet:ASPLOS18,
 author = {Nodehi Sabet, Amir Hossein and Qiu, Junqiao and Zhao, Zhijia},
 title = {Tigr: Transforming Irregular Graphs for GPU-Friendly Graph Processing},
 booktitle = {ASPLOS},
 year = {2018},
}

@article{mxnet,
  author    = {Tianqi Chen and
               Mu Li and
               Yutian Li and
               Min Lin and
               Naiyan Wang and
               Minjie Wang and
               Tianjun Xiao and
               Bing Xu and
               Chiyuan Zhang and
               Zheng Zhang},
  title     = {MXNet: {A} Flexible and Efficient Machine Learning Library for Heterogeneous
               Distributed Systems},
  journal   = {CoRR},
  volume    = {abs/1512.01274},
  year      = {2015},
}

@inproceedings{caffe,
 author = {Jia, Yangqing and Shelhamer, Evan and Donahue, Jeff and Karayev, Sergey and Long, Jonathan and Girshick, Ross and Guadarrama, Sergio and Darrell, Trevor},
 title = {Caffe: Convolutional Architecture for Fast Feature Embedding},
 booktitle = {Proceedings of the 22Nd ACM International Conference on Multimedia},
 series = {MM '14},
 year = {2014},
 isbn = {978-1-4503-3063-3},
 location = {Orlando, Florida, USA},
 pages = {675--678},
 numpages = {4},
 url = {http://doi.acm.org/10.1145/2647868.2654889},
 doi = {10.1145/2647868.2654889},
 acmid = {2654889},
 publisher = {ACM},
 address = {New York, NY, USA},
 keywords = {computer vision, machine learning, neural networks, open source, parallel computation},
}

@inproceedings{tensorflow,
 author = {Abadi, Mart\'{\i}n and Barham, Paul and Chen, Jianmin and Chen, Zhifeng and Davis, Andy and Dean, Jeffrey and Devin, Matthieu and Ghemawat, Sanjay and Irving, Geoffrey and Isard, Michael and Kudlur, Manjunath and Levenberg, Josh and Monga, Rajat and Moore, Sherry and Murray, Derek G. and Steiner, Benoit and Tucker, Paul and Vasudevan, Vijay and Warden, Pete and Wicke, Martin and Yu, Yuan and Zheng, Xiaoqiang},
 title = {TensorFlow: A System for Large-scale Machine Learning},
 booktitle = {Proceedings of the 12th USENIX Conference on Operating Systems Design and Implementation},
 series = {OSDI'16},
 year = {2016},
 isbn = {978-1-931971-33-1},
 location = {Savannah, GA, USA},
 pages = {265--283},
 numpages = {19},
 acmid = {3026899},
 publisher = {USENIX Association},
 address = {Berkeley, CA, USA},
}

@book{datacenter_cost,
  author    = {Luiz Andr{\'{e}} Barroso and
               Jimmy Clidaras and
               Urs H{\"{o}}lzle},
  title     = {The Datacenter as a Computer: An Introduction to the Design of Warehouse-Scale
               Machines, Second Edition},
  series    = {Synthesis Lectures on Computer Architecture},
  publisher = {Morgan {\&} Claypool Publishers},
  year      = {2013},
}

@misc{hoomd,
  title = {HOOMD-blue},
  howpublished = {\url{http://glotzerlab.engin.umich.edu/hoomd-blue/}},
}

@article{Zhong:CoRR2013,
  author    = {Jianlong Zhong and
               Bingsheng He},
  title     = {Kernelet: High-Throughput {GPU} Kernel Executions with Dynamic Slicing
               and Scheduling},
  journal   = {CoRR},
  volume    = {abs/1303.5164},
  year      = {2013},
}

@misc{cage15,
  title = {Cage15},
  howpublished = {\url{http://www.ufl.edu/research/sparse/matrices/vanhenkelum}},
}

@inproceedings{Wang:HPCA2016,
  author    = {Zhenning Wang and
               Jun Yang and
               Rami G. Melhem and
               Bruce R. Childers and
               Youtao Zhang and
               Minyi Guo},
  title     = {Simultaneous Multikernel {GPU:} Multi-tasking throughput processors
               via fine-grained sharing},
  booktitle = {2016 {IEEE} International Symposium on High Performance Computer Architecture,
               {HPCA} 2016, Barcelona, Spain, March 12-16, 2016},
  pages     = {358--369},
  publisher = {{IEEE} Computer Society},
  year      = {2016},
}

@inproceedings{Park:ASPLOS2017,
  author    = {Jason Jong Kyu Park and
               Yongjun Park and
               Scott A. Mahlke},
  editor    = {Yunji Chen and
               Olivier Temam and
               John Carter},
  title     = {Dynamic Resource Management for Efficient Utilization of Multitasking
               GPUs},
  booktitle = {Proceedings of the Twenty-Second International Conference on Architectural
               Support for Programming Languages and Operating Systems, {ASPLOS}
               2017, Xi'an, China, April 8-12, 2017},
  pages     = {527--540},
  publisher = {{ACM}},
  year      = {2017},
}

@inproceedings{Wang:ISCA2017,
 author = {Wang, Zhenning and Yang, Jun and Melhem, Rami and Childers, Bruce and Zhang, Youtao and Guo, Minyi},
 title = {Quality of Service Support for Fine-Grained Sharing on GPUs},
 booktitle = {ISCA},
 year = {2017},
}

@inproceedings{Chen:PPoPP2017,
  author    = {Guoyang Chen and
               Yue Zhao and
               Xipeng Shen and
               Huiyang Zhou},
  title     = {EffiSha: {A} Software Framework for Enabling Effficient Preemptive
               Scheduling of {GPU}},
  booktitle = {PPoPP},
  year      = {2017},
}

@inproceedings{Sengupta:SC2015,
 author = {Sengupta, Dipanjan and Song, Shuaiwen Leon and Agarwal, Kapil and Schwan, Karsten},
 title = {GraphReduce: Processing Large-scale Graphs on Accelerator-based Systems},
 booktitle = {Proceedings of the International Conference for High Performance Computing, Networking, Storage and Analysis},
 series = {SC '15},
 year = {2015},
 isbn = {978-1-4503-3723-6},
 location = {Austin, Texas},
 pages = {28:1--28:12},
 articleno = {28},
 numpages = {12},
}

@inproceedings{Pan:IPDPS2017,
  author    = {Yuechao Pan and
               Yangzihao Wang and
               Yuduo Wu and
               Carl Yang and
               John D. Owens},
  title     = {Multi-GPU Graph Analytics},
  booktitle = {2017 {IEEE} International Parallel and Distributed Processing Symposium,
               {IPDPS} 2017, Orlando, FL, USA, May 29 - June 2, 2017},
  pages     = {479--490},
  publisher = {{IEEE} Computer Society},
  year      = {2017},
}

@inproceedings{Chen:ICDE2017,
  author    = {Guoyang Chen and
               Yufei Ding and
               Xipeng Shen},
  title     = {Sweet {KNN:} An Efficient {KNN} on {GPU} through Reconciliation between
               Redundancy Removal and Regularity},
  booktitle = {33rd {IEEE} International Conference on Data Engineering, {ICDE} 2017,
               San Diego, CA, USA, April 19-22, 2017},
  pages     = {621--632},
  publisher = {{IEEE} Computer Society},
  year      = {2017},
}

@article{Morozov:CPC2011,
  author    = {Igor V. Morozov and
               A. M. Kazennov and
               R. G. Bystryi and
               Genri E. Norman and
               V. V. Pisarev and
               Vladimir V. Stegailov},
  title     = {Molecular dynamics simulations of the relaxation processes in the
               condensed matter on GPUs},
  journal   = {Computer Physics Communications},
  volume    = {182},
  number    = {9},
  pages     = {1974--1978},
  year      = {2011},
}

@inproceedings{Li:SC2016,
 author = {Li, Chao and Yang, Yi and Feng, Min and Chakradhar, Srimat and Zhou, Huiyang},
 title = {Optimizing Memory Efficiency for Deep Convolutional Neural Networks on GPUs},
 booktitle = {Proceedings of the International Conference for High Performance Computing, Networking, Storage and Analysis},
 series = {SC '16},
 year = {2016},
 isbn = {978-1-4673-8815-3},
 location = {Salt Lake City, Utah},
 pages = {54:1--54:12},
 articleno = {54},
 numpages = {12},
}

@inproceedings{Zhu:IPDPS2017,
  author = {Zhu, Qi and Wu, Bo and Shen, Xipeng and Shen, Li and Wang, Zhiying},
  title = {Co-Run Scheduling with Power Cap on Integrated CPU-GPU Systems},
  booktitle = {The 31st IEEE International Parallel \& Distributed Processing Symposium},
  year = {2017},
  month = {May},
}

@inproceedings{Han:PACT2017,
  author    = {Wei Han and Daniel Mawhirter and Matthew Buland and Bo Wu},
  title     = {Graphie: Large-Scale Asynchronous Graph Traversals on Just a GPU},
  booktitle = {PACT},
  year      = {2017},
}

@inproceedings{Kehne:SYSTOR2017,
 author = {Kehne, Jens and Hillenbrand, Marius and Metter, Jonathan and Gottschlag, Mathias and Merkel, Martin and Bellosa, Frank},
 title = {GPrioSwap: Towards a Swapping Policy for GPUs},
 booktitle = {Proceedings of the 10th ACM International Systems and Storage Conference},
 series = {SYSTOR '17},
 year = {2017},
 isbn = {978-1-4503-5035-8},
 location = {Haifa, Israel},
 pages = {10:1--10:10},
 articleno = {10},
 numpages = {10},
 url = {http://doi.acm.org/10.1145/3078468.3078474},
 doi = {10.1145/3078468.3078474},
 acmid = {3078474},
 publisher = {ACM},
 address = {New York, NY, USA},
 keywords = {GPU, memory overcommitment, oversubscription, profiling, swapping, virtualization},
}

@inproceedings{Mars:MICRO2011,
 author = {Mars, Jason and Tang, Lingjia and Hundt, Robert and Skadron, Kevin and Soffa, Mary Lou},
 title = {Bubble-Up: Increasing Utilization in Modern Warehouse Scale Computers via Sensible Co-locations},
 booktitle = {MICRO},
 year = {2011},
}

@inproceedings{Nishtala:HPCA2017,
  author    = {Rajiv Nishtala and
               Paul M. Carpenter and
               Vinicius Petrucci and
               Xavier Martorell},
  title     = {Hipster: Hybrid Task Manager for Latency-Critical Cloud Workloads},
  booktitle = {2017 {IEEE} International Symposium on High Performance Computer Architecture,
               {HPCA} 2017, Austin, TX, USA, February 4-8, 2017},
  pages     = {409--420},
  year      = {2017},
}

@article{Sharifi:SIGMETRICS2011,
 author = {Sharifi, Akbar and Srikantaiah, Shekhar and Mishra, Asit K. and Kandemir, Mahmut and Das, Chita R.},
 title = {METE: Meeting End-to-end QoS in Multicores Through System-wide Resource Management},
 journal = {SIGMETRICS Perform. Eval. Rev.},
 issue_date = {June 2011},
 volume = {39},
 number = {1},
 month = jun,
 year = {2011},
 issn = {0163-5999},
 pages = {13--24},
 numpages = {12},
 url = {http://doi.acm.org/10.1145/2007116.2007119},
 doi = {10.1145/2007116.2007119},
 acmid = {2007119},
 publisher = {ACM},
 address = {New York, NY, USA},
 keywords = {control theory, end-to-end qos, resource management},
}

@inproceedings{Liu:HPCA2010,
  author    = {Fang Liu and
               Xiaowei Jiang and
               Yan Solihin},
  title     = {Understanding how off-chip memory bandwidth partitioning in Chip Multiprocessors
               affects system performance},
  booktitle = {16th International Conference on High-Performance Computer Architecture
               {(HPCA-16} 2010), 9-14 January 2010, Bangalore, India},
  pages     = {1--12},
  year      = {2010},
}

@inproceedings{Wang:HPCA2015,
  author    = {Xiaodong Wang and
               Jos{\'{e}} F. Mart{\'{\i}}nez},
  title     = {XChange: {A} market-based approach to scalable dynamic multi-resource
               allocation in multicore architectures},
  booktitle = {21st {IEEE} International Symposium on High Performance Computer Architecture,
               {HPCA} 2015, Burlingame, CA, USA, February 7-11, 2015},
  pages     = {113--125},
  year      = {2015},
}

@inproceedings{Zahedi:ASPLOS2014,
  author    = {Seyed Majid Zahedi and
               Benjamin C. Lee},
  title     = {{REF:} resource elasticity fairness with sharing incentives for multiprocessors},
  booktitle = {Architectural Support for Programming Languages and Operating Systems,
               {ASPLOS} '14, Salt Lake City, UT, USA, March 1-5, 2014},
  pages     = {145--160},
  year      = {2014},
}

@inproceedings{Petrucci:HPCA2015,
  author    = {Vinicius Petrucci and
               Michael A. Laurenzano and
               John Doherty and
               Yunqi Zhang and
               Daniel Moss{\'{e}} and
               Jason Mars and
               Lingjia Tang},
  title     = {Octopus-Man: QoS-driven task management for heterogeneous multicores
               in warehouse-scale computers},
  booktitle = {21st {IEEE} International Symposium on High Performance Computer Architecture,
               {HPCA} 2015, Burlingame, CA, USA, February 7-11, 2015},
  pages     = {246--258},
  year      = {2015},
}

@inproceedings{Herdrich:HPCA2016,
  author    = {Andrew Herdrich and
               Edwin Verplanke and
               Priya Autee and
               Ramesh Illikkal and
               Chris Gianos and
               Ronak Singhal and
               Ravi Iyer},
  title     = {Cache QoS: From concept to reality in the Intel{\textregistered} Xeon{\textregistered}
               processor {E5-2600} v3 product family},
  booktitle = {2016 {IEEE} International Symposium on High Performance Computer Architecture,
               {HPCA} 2016, Barcelona, Spain, March 12-16, 2016},
  pages     = {657--668},
  year      = {2016},
}

@inproceedings{Cho:MICRO2006,
 author = {Cho, Sangyeun and Jin, Lei},
 title = {Managing Distributed, Shared L2 Caches Through OS-Level Page Allocation},
 booktitle = {Proceedings of the 39th Annual IEEE/ACM International Symposium on Microarchitecture},
 series = {MICRO 39},
 year = {2006},
 isbn = {0-7695-2732-9},
 pages = {455--468},
 numpages = {14},
 url = {https://doi.org/10.1109/MICRO.2006.31},
 doi = {10.1109/MICRO.2006.31},
 acmid = {1194858},
 publisher = {IEEE Computer Society},
 address = {Washington, DC, USA},
}

@inproceedings{Chang:ISCA2006,
 author = {Chang, Jichuan and Sohi, Gurindar S.},
 title = {Cooperative Caching for Chip Multiprocessors},
 booktitle = {Proceedings of the 33rd Annual International Symposium on Computer Architecture},
 series = {ISCA '06},
 year = {2006},
 isbn = {0-7695-2608-X},
 pages = {264--276},
 numpages = {13},
 url = {https://doi.org/10.1109/ISCA.2006.17},
 doi = {10.1109/ISCA.2006.17},
 acmid = {1136509},
 publisher = {IEEE Computer Society},
 address = {Washington, DC, USA},
}

@inproceedings{Qureshi:MICRO2006,
 author = {Qureshi, Moinuddin K. and Patt, Yale N.},
 title = {Utility-Based Cache Partitioning: A Low-Overhead, High-Performance, Runtime Mechanism to Partition Shared Caches},
 booktitle = {Proceedings of the 39th Annual IEEE/ACM International Symposium on Microarchitecture},
 series = {MICRO 39},
 year = {2006},
 isbn = {0-7695-2732-9},
 pages = {423--432},
 numpages = {10},
 url = {https://doi.org/10.1109/MICRO.2006.49},
 doi = {10.1109/MICRO.2006.49},
 acmid = {1194855},
 publisher = {IEEE Computer Society},
 address = {Washington, DC, USA},
}

@inproceedings{Iyer:ICS2004,
 author = {Iyer, Ravi},
 title = {CQoS: A Framework for Enabling QoS in Shared Caches of CMP Platforms},
 booktitle = {Proceedings of the 18th Annual International Conference on Supercomputing},
 series = {ICS '04},
 year = {2004},
 isbn = {1-58113-839-3},
 location = {Malo, France},
 pages = {257--266},
 numpages = {10},
 url = {http://doi.acm.org/10.1145/1006209.1006246},
 doi = {10.1145/1006209.1006246},
 acmid = {1006246},
 publisher = {ACM},
 address = {New York, NY, USA},
 keywords = {CMP, QoS, cache, partitioning, performance, sharing},
}

@inproceedings{Zlateski:SC2016,
 author = {Zlateski, Aleksandar and Lee, Kisuk and Seung, H. Sebastian},
 title = {ZNNi: Maximizing the Inference Throughput of 3D Convolutional Networks on CPUs and GPUs},
 booktitle = {Proceedings of the International Conference for High Performance Computing, Networking, Storage and Analysis},
 series = {SC '16},
 year = {2016},
 isbn = {978-1-4673-8815-3},
 location = {Salt Lake City, Utah},
 pages = {73:1--73:12},
 articleno = {73},
 numpages = {12},
 url = {http://dl.acm.org/citation.cfm?id=3014904.3015002},
 acmid = {3015002},
 publisher = {IEEE Press},
 address = {Piscataway, NJ, USA},
}



@inproceedings{Chen:ASPLOS2017,
 author = {Chen, Quan and Yang, Hailong and Guo, Minyi and Kannan, Ram Srivatsa and Mars, Jason and Tang, Lingjia},
 title = {Prophet: Precise QoS Prediction on Non-Preemptive Accelerators to Improve Utilization in Warehouse-Scale Computers},
 booktitle = {ASPLOS},
 year = {2017},
}

@article{translate1,
  author    = {Melvin Johnson and
               Mike Schuster and
               Quoc V. Le and
               Maxim Krikun and
               Yonghui Wu and
               Zhifeng Chen and
               Nikhil Thorat and
               Fernanda B. Vi{\'{e}}gas and
               Martin Wattenberg and
               Greg Corrado and
               Macduff Hughes and
               Jeffrey Dean},
  title     = {Google's Multilingual Neural Machine Translation System: Enabling
               Zero-Shot Translation},
  journal   = {CoRR},
  volume    = {abs/1611.04558},
  year      = {2016},
  url       = {http://arxiv.org/abs/1611.04558},
  timestamp = {Wed, 07 Jun 2017 14:41:25 +0200},
  biburl    = {http://dblp.uni-trier.de/rec/bib/journals/corr/JohnsonSLKWCTVW16},
  bibsource = {dblp computer science bibliography, http://dblp.org}
}

@article{translate2,
  author    = {Zhen Yang and
               Wei Chen and
               Feng Wang and
               Bo Xu},
  title     = {Improving Neural Machine Translation with Conditional Sequence Generative
               Adversarial Nets},
  journal   = {CoRR},
  volume    = {abs/1703.04887},
  year      = {2017},
  url       = {http://arxiv.org/abs/1703.04887},
  timestamp = {Wed, 07 Jun 2017 14:41:58 +0200},
  biburl    = {http://dblp.uni-trier.de/rec/bib/journals/corr/YangCWX17},
  bibsource = {dblp computer science bibliography, http://dblp.org}
}

@article{translate3,
  author    = {Dzmitry Bahdanau and
               Kyunghyun Cho and
               Yoshua Bengio},
  title     = {Neural Machine Translation by Jointly Learning to Align and Translate},
  journal   = {CoRR},
  volume    = {abs/1409.0473},
  year      = {2014},
  url       = {http://arxiv.org/abs/1409.0473},
  timestamp = {Wed, 07 Jun 2017 14:40:19 +0200},
  biburl    = {http://dblp.uni-trier.de/rec/bib/journals/corr/BahdanauCB14},
  bibsource = {dblp computer science bibliography, http://dblp.org}
}

@article{translate4,
  author    = {Kyunghyun Cho and
               Bart van Merrienboer and
               {\c{C}}aglar G{\"{u}}l{\c{c}}ehre and
               Fethi Bougares and
               Holger Schwenk and
               Yoshua Bengio},
  title     = {Learning Phrase Representations using {RNN} Encoder-Decoder for Statistical
               Machine Translation},
  journal   = {CoRR},
  volume    = {abs/1406.1078},
  year      = {2014},
  url       = {http://arxiv.org/abs/1406.1078},
  timestamp = {Wed, 07 Jun 2017 14:43:08 +0200},
  biburl    = {http://dblp.uni-trier.de/rec/bib/journals/corr/ChoMGBSB14},
  bibsource = {dblp computer science bibliography, http://dblp.org}
}

@book{knapsack,
 author = {Martello, Silvano and Toth, Paolo},
 title = {Knapsack Problems: Algorithms and Computer Implementations},
 year = {1990},
 isbn = {0-471-92420-2},
 publisher = {John Wiley \& Sons, Inc.},
 address = {New York, NY, USA},
}

@inproceedings{Floyd:SIGCOMM2000,
  author    = {Sally Floyd and
               Mark Handley and
               Jitendra Padhye and
               J{\"{o}}rg Widmer},
  title     = {Equation-based congestion control for unicast applications},
  booktitle = {{SIGCOMM}},
  pages     = {43--56},
  year      = {2000},
}

@inproceedings{Zhou:TACO2016,
author = {Zhou, Mingzhou and Zhou, Mingzhou and Shen, Xipeng and Gao, Yaoqing and Yiu, Graham},
booktitle = {ACM Transactions on Architecture and Code Optimization},
title = {Examining and Reducing the Influence of Sampling Errors on Feedback-Driven Optimizations},
year = {2016}
}

@inproceedings{Wu:ASPLOS2017,
    author = {Bo Wu and Xu Liu and Xiaobo Zhou and Changjun Jiang},
    title = {FLEP: Enabling Flexible and Efficient Preemption on GPUs},
    booktitle = {ASPLOS},
    year = {2017}
}

@inproceedings{Liu:SC15,
 author = {Liu, Xu and Wu, Bo},
 title = {ScaAnalyzer: A Tool to Identify Memory Scalability Bottlenecks in Parallel Programs},
 booktitle = {Proceedings of the International Conference for High Performance Computing, Networking, Storage and Analysis},
 series = {SC '15},
 year = {2015},
 isbn = {978-1-4503-3723-6},
 location = {Austin, Texas},
 pages = {47:1--47:12},
 articleno = {47},
 numpages = {12},
 url = {http://doi.acm.org/10.1145/2807591.2807648},
 doi = {10.1145/2807591.2807648},
 acmid = {2807648},
 publisher = {ACM},
 address = {New York, NY, USA},
 keywords = {memory bottlenecks, parallel profiler, scalability},
}

@inproceedings{Zhang:CGO2017,
    author = {Feng Zhang and Bo Wu and Jidong Zhai and Bingsheng He and Wenguang Chen},
    title = {FinePar: Irregularity-Aware Fine-Grained Workload Partitioning on Integrated
        Architectures},
    booktitle = {The International Symposium on Code Generation and Optimization},
    year = {2017}
}

@article{Cohen_afast,
    author = {Jonathan M. Cohen and M. Jeroen Molemaker},
    title = {A fast double precision CFD code using CUDA},
    journal = {J. Phys. Soc. Japan},
    year = {2009},
    pages = {2237--2341}
}

@inproceedings{Jetley:SC2010,
  author    = {Pritish Jetley and
               Lukasz Wesolowski and
               Filippo Gioachin and
               Laxmikant V. Kal{\'{e}} and
               Thomas R. Quinn},
  title     = {Scaling Hierarchical N-body Simulations on {GPU} Clusters},
  booktitle = {Conference on High Performance Computing Networking, Storage and Analysis,
               {SC} 2010, New Orleans, LA, USA, November 13-19, 2010},
  pages     = {1--11},
  year      = {2010},
}

@article{cetus,
  author    = {Hansang Bae and
               Dheya Mustafa and
               Jae{-}Woo Lee and
               Aurangzeb and
               Hao Lin and
               Chirag Dave and
               Rudolf Eigenmann and
               Samuel P. Midkiff},
  title     = {The Cetus Source-to-Source Compiler Infrastructure: Overview and Evaluation},
  journal   = {International Journal of Parallel Programming},
  volume    = {41},
  number    = {6},
  pages     = {753--767},
  year      = {2013},
  url       = {http://dx.doi.org/10.1007/s10766-012-0211-z},
  doi       = {10.1007/s10766-012-0211-z},
  timestamp = {Fri, 30 Aug 2013 10:42:39 +0200},
  biburl    = {http://dblp.uni-trier.de/rec/bib/journals/ijpp/BaeMLALDEM13},
  bibsource = {dblp computer science bibliography, http://dblp.org}
}

@article{Glaser:CPC2015,
  author    = {Jens Glaser and
               Trung Dac Nguyen and
               Joshua A. Anderson and
               Pak Lui and
               Filippo Spiga and
               Jaime A. Millan and
               David C. Morse and
               Sharon C. Glotzer},
  title     = {Strong scaling of general-purpose molecular dynamics simulations on
               GPUs},
  journal   = {Computer Physics Communications},
  volume    = {192},
  pages     = {97--107},
  year      = {2015},
  url       = {http://dx.doi.org/10.1016/j.cpc.2015.02.028},
  doi       = {10.1016/j.cpc.2015.02.028},
  timestamp = {Thu, 28 May 2015 14:32:32 +0200},
  biburl    = {http://dblp2.uni-trier.de/rec/bib/journals/cphysics/GlaserNALSMMG15},
  bibsource = {dblp computer science bibliography, http://dblp.org}
}

@inproceedings{Liu:SC2015,
 author = {Liu, Hang and Huang, H. Howie},
 title = {Enterprise: Breadth-first Graph Traversal on GPUs},
 booktitle = {Proceedings of the International Conference for High Performance Computing, Networking, Storage and Analysis},
 series = {SC '15},
 year = {2015},
 isbn = {978-1-4503-3723-6},
 location = {Austin, Texas},
 pages = {68:1--68:12},
 articleno = {68},
 numpages = {12},
 url = {http://doi.acm.org/10.1145/2807591.2807594},
 doi = {10.1145/2807591.2807594},
 acmid = {2807594},
 publisher = {ACM},
 address = {New York, NY, USA},
}

@inproceedings{Liu:SIGMOD2016,
 author = {Liu, Hang and Huang, H. Howie and Hu, Yang},
 title = {iBFS: Concurrent Breadth-First Search on GPUs},
 booktitle = {Proceedings of the 2016 International Conference on Management of Data},
 series = {SIGMOD '16},
 year = {2016},
 isbn = {978-1-4503-3531-7},
 location = {San Francisco, California, USA},
 pages = {403--416},
 numpages = {14},
 url = {http://doi.acm.org/10.1145/2882903.2882959},
 doi = {10.1145/2882903.2882959},
 acmid = {2882959},
 publisher = {ACM},
 address = {New York, NY, USA},
 keywords = {GPUs},
}

@inproceedings{Khorasani:HPDC2014,
  author    = {Farzad Khorasani and
               Keval Vora and
               Rajiv Gupta and
               Laxmi N. Bhuyan},
  title     = {CuSha: vertex-centric graph processing on GPUs},
  booktitle = {The 23rd International Symposium on High-Performance Parallel and
               Distributed Computing, HPDC'14, Vancouver, BC, Canada - June 23 -
               27, 2014},
  pages     = {239--252},
  year      = {2014},
  url       = {http://doi.acm.org/10.1145/2600212.2600227},
  doi       = {10.1145/2600212.2600227},
  timestamp = {Tue, 24 Jun 2014 08:49:11 +0200},
  biburl    = {http://dblp.uni-trier.de/rec/bib/conf/hpdc/KhorasaniVGB14},
  bibsource = {dblp computer science bibliography, http://dblp.org}
}

@article{mnist,
  author    = {L. Deng},
  title     = {The {MNIST} Database of Handwritten Digit Images for Machine Learning
               Research [Best of the Web]},
  journal   = {{IEEE} Signal Process. Mag.},
  volume    = {29},
  number    = {6},
  pages     = {141--142},
  year      = {2012},
  url       = {http://dx.doi.org/10.1109/MSP.2012.2211477},
  doi       = {10.1109/MSP.2012.2211477},
  timestamp = {Sat, 20 Oct 2012 17:29:19 +0200},
  biburl    = {http://dblp.uni-trier.de/rec/bib/journals/spm/Deng12},
  bibsource = {dblp computer science bibliography, http://dblp.org}
}

@article{leskovec2016snap,
  title={SNAP: A General-Purpose Network Analysis and Graph-Mining Library},
  author={Leskovec, Jure and Sosi{\v{c}}, Rok},
  journal={ACM Transactions on Intelligent Systems and Technology (TIST)},
  volume={8},
  number={1},
  pages={1},
  year={2016},
  publisher={ACM}
}

@inproceedings{Hauswald:ISCA2015,
  author    = {Johann Hauswald and
               Yiping Kang and
               Michael A. Laurenzano and
               Quan Chen and
               Cheng Li and
               Trevor N. Mudge and
               Ronald G. Dreslinski and
               Jason Mars and
               Lingjia Tang},
  title     = {DjiNN and Tonic: {DNN} as a service and its implications for future
               warehouse scale computers},
  booktitle = {Proceedings of the 42nd Annual International Symposium on Computer
               Architecture, Portland, OR, USA, June 13-17, 2015},
  pages     = {27--40},
  year      = {2015},
  url       = {http://doi.acm.org/10.1145/2749469.2749472},
  doi       = {10.1145/2749469.2749472},
  timestamp = {Wed, 27 May 2015 08:37:27 +0200},
  biburl    = {http://dblp.uni-trier.de/rec/bib/conf/isca/HauswaldKLCLMDM15},
  bibsource = {dblp computer science bibliography, http://dblp.org}
}

@inproceedings{Hauswald:ASPLOS2015,
  author    = {Johann Hauswald and
               Michael A. Laurenzano and
               Yunqi Zhang and
               Cheng Li and
               Austin Rovinski and
               Arjun Khurana and
               Ronald G. Dreslinski and
               Trevor N. Mudge and
               Vinicius Petrucci and
               Lingjia Tang and
               Jason Mars},
  title     = {Sirius: An Open End-to-End Voice and Vision Personal Assistant and
               Its Implications for Future Warehouse Scale Computers},
  booktitle = {Proceedings of the Twentieth International Conference on Architectural
               Support for Programming Languages and Operating Systems, {ASPLOS}
               '15, Istanbul, Turkey, March 14-18, 2015},
  pages     = {223--238},
  year      = {2015},
  url       = {http://doi.acm.org/10.1145/2694344.2694347},
  doi       = {10.1145/2694344.2694347},
  timestamp = {Thu, 26 Feb 2015 17:21:18 +0100},
  biburl    = {http://dblp.uni-trier.de/rec/bib/conf/asplos/HauswaldLZLRKDM15},
  bibsource = {dblp computer science bibliography, http://dblp.org}
}

@article{Zhong:TPDS2014,
 author = {Zhong, Jianlong and He, Bingsheng},
 title = {Medusa: Simplified Graph Processing on GPUs},
 journal = {IEEE Trans. Parallel Distrib. Syst.},
 issue_date = {June 2014},
 volume = {25},
 number = {6},
 month = jun,
 year = {2014},
 issn = {1045-9219},
 pages = {1543--1552},
 numpages = {10},
 url = {http://dx.doi.org/10.1109/TPDS.2013.111},
 doi = {10.1109/TPDS.2013.111},
 acmid = {2707627},
 publisher = {IEEE Press},
 address = {Piscataway, NJ, USA},
}

@inproceedings{Wang:PPoPP2015,
 author = {Wang, Yangzihao and Davidson, Andrew and Pan, Yuechao and Wu, Yuduo and Riffel, Andy and Owens, John D.},
 title = {Gunrock: A High-performance Graph Processing Library on the GPU},
 booktitle = {PPoPP},
 year = {2015},
}

@article{Hannun:CORR2014,
  author    = {Awni Y. Hannun and
               Carl Case and
               Jared Casper and
               Bryan Catanzaro and
               Greg Diamos and
               Erich Elsen and
               Ryan Prenger and
               Sanjeev Satheesh and
               Shubho Sengupta and
               Adam Coates and
               Andrew Y. Ng},
  title     = {Deep Speech: Scaling up end-to-end speech recognition},
  journal   = {CoRR},
  volume    = {abs/1412.5567},
  year      = {2014},
  url       = {http://arxiv.org/abs/1412.5567},
  timestamp = {Tue, 12 Jul 2016 21:51:10 +0200},
  biburl    = {http://dblp.uni-trier.de/rec/bib/journals/corr/HannunCCCDEPSSCN14},
  bibsource = {dblp computer science bibliography, http://dblp.org}
}

@inproceedings{Li:CIT2010,
  author    = {You Li and
               Kaiyong Zhao and
               Xiaowen Chu and
               Jiming Liu},
  title     = {Speeding up K-Means Algorithm by GPUs},
  booktitle = {10th {IEEE} International Conference on Computer and Information Technology,
               {CIT} 2010, Bradford, West Yorkshire, UK, June 29-July 1, 2010},
  pages     = {115--122},
  year      = {2010},
  url       = {http://dx.doi.org/10.1109/CIT.2010.60},
  doi       = {10.1109/CIT.2010.60},
  timestamp = {Tue, 31 May 2016 16:44:16 +0200},
  biburl    = {http://dblp.uni-trier.de/rec/bib/conf/IEEEcit/LiZCL10},
  bibsource = {dblp computer science bibliography, http://dblp.org}
}

@article{Garcia:CORR2008,
  author    = {Vincent Garcia and
               Eric Debreuve and
               Michel Barlaud},
  title     = {Fast k Nearest Neighbor Search using {GPU}},
  journal   = {CoRR},
  volume    = {abs/0804.1448},
  year      = {2008},
  url       = {http://arxiv.org/abs/0804.1448},
  timestamp = {Mon, 05 Dec 2011 18:04:52 +0100},
  biburl    = {http://dblp.uni-trier.de/rec/bib/journals/corr/abs-0804-1448},
  bibsource = {dblp computer science bibliography, http://dblp.org}
}

@inproceedings{Hong:ISCA09,
  author    = {Sunpyo Hong and
               Hyesoon Kim},
  title     = {An analytical model for a {GPU} architecture with memory-level and
               thread-level parallelism awareness},
  booktitle = {36th International Symposium on Computer Architecture {(ISCA} 2009),
               June 20-24, 2009, Austin, TX, {USA}},
  pages     = {152--163},
  year      = {2009},
}

@inproceedings{Chang+:ASPLOS16,
 author = {Li-Wen Chang and Hee-Seok Kim and Wen-mei Hwu},
 title = {DySel: Lightweight Dynamic Selection for Kernel-based Data-parallel Programming Model},
 booktitle = {Proceedings of the 21st International Conference on Architectural Support for Programming Languages and Operating Systems},
 series = {ASPLOS '16},
 year = {2016},
 location = {Atlanta, GA},
}

@inproceedings{Elliott+:RTCSA,
  author    = {Glenn A. Elliott and
               James H. Anderson},
  title     = {Real-World Constraints of GPUs in Real-Time Systems},
  booktitle = {17th {IEEE} International Conference on Embedded and Real-Time Computing
               Systems and Applications, {RTCSA} 2011, Toyama, Japan, August 28-31,
               2011, Volume 2},
  pages     = {48--54},
  year      = {2011},
}

@inproceedings{Bhatotia:FAST12,
 author = {Bhatotia, Pramod and Rodrigues, Rodrigo and Verma, Akshat},
 title = {Shredder: GPU-accelerated Incremental Storage and Computation},
 booktitle = {Proceedings of the 10th USENIX Conference on File and Storage Technologies},
 series = {FAST'12},
 year = {2012},
 location = {San Jose, CA},
 pages = {14--14},
 address = {Berkeley, CA, USA},
}

@book{Hoelzle:2009,
 author = {Hoelzle, Urs and Barroso, Luiz Andre},
 title = {The Datacenter As a Computer: An Introduction to the Design of Warehouse-Scale Machines},
 year = {2009},
 isbn = {159829556X, 9781598295566},
 edition = {1st},
 publisher = {Morgan and Claypool Publishers},
}

@article{Eyerman+:MICROJ08,
  author = {Eyerman, Stijn and Eeckhout, Lieven},
  interhash = {b4adb0854b9949884ede52b5dcf1200c},
  intrahash = {072673950bdd40d47ced58a37dfad293},
  journal = {IEEE Micro},
  number = 3,
  pages = {42-53},
  title = {System-Level Performance Metrics for Multiprogram Workloads.},
  volume = 28,
  year = 2008
}

@inproceedings{Muth+:FOCS99,
 author = {Muthukrishnan, S. and Rajaraman, Rajmohan and Shaheen, Anthony and Gehrke, Johannes E.},
 title = {Online Scheduling to Minimize Average Stretch},
 booktitle = {Proceedings of the 40th Annual Symposium on Foundations of Computer Science},
 series = {FOCS '99},
 year = {1999},
 address = {Washington, DC, USA},
}

@misc{NVLink,
   title = "{{NVLink Communication Protocol}}",
   note = "{\url{https://en.wikipedia.org/wiki/NVLink}}",
}

@misc{Clang,
   title = "clang: a {C} language family frontend for {LLVM}",
   note = "{\url{http://clang.llvm.org/}} ; accessed 23-02-2016",
}

@misc{libtool,
  title = "Clang LibTooling Library",
  note = "{\url{http://clang.llvm.org/docs/LibTooling.html}} ; accessed 23-02-2016",
}

@misc{Azure,
  title = "Microsoft Azure",
  note = "{\url{https://azure.microsoft.com/}}",
}

@misc{AWS,
  title = "Amazon Web Services",
  note = "{\url{https://aws.amazon.com/}}",
}

@misc{penguin,
  title = "Penguin On-Demand HPC Cloud",
  note = "{\url{https://pod.penguincomputing.com/}}",
}

@misc{google_cloud,
  title = {{Google Cloud}},
  note = "{\url{http://cloud.google.com/}}; accessed 09-07-2017",
}

@misc{top500,
  title = {{Top500 Supercomputer Sites}},
  note = "{\url{http://www.top500.org/}}; accessed 13-03-2016",
}

@inproceedings{Rodinia,
 author = {S. Che and M. Boyer and J. Meng and D. Tarjan and J. W. Sheaffer and S.-H. Lee and K. Skadron},
 title = {Rodinia: A Benchmark Suite for Heterogeneous Computing},
 booktitle = {IISWC},
 year = {2009}
 }

@techreport{Parboil,
author = {Stratton, John A. and Rodrigrues, Christopher and Sung, I-Jui and Obeid, Nady and Chang, Liwen and Liu, Geng and Hwu, Wen-Mei W.},
title = {Parboil: A Revised Benchmark Suite for Scientific and Commercial Throughput Computing},
institution = {University of Illinois at Urbana-Champaign},
number = {IMPACT-12-01},
address = {Urbana},
year = {2012},
month = mar
}

@inproceedings{SHOC,
 author = {Danalis, Anthony and Marin, Gabriel and McCurdy, Collin and Meredith, Jeremy S. and Roth, Philip C. and Spafford, Kyle and Tipparaju, Vinod and Vetter, Jeffrey S.},
 title = {The Scalable Heterogeneous Computing (SHOC) benchmark suite},
 booktitle = {GPGPU},
 year = {2010},
}

@inproceedings{Gregg+:HOTPAR12,
  author = {Chris Gregg and Jonathan Dorn and Kim Hazelwood and Kevin Skadron},
  title = {Fine-Grained Resource Sharing for Concurrent GPGPU Kernels},
  booktitle = {Presented as part of the 4th USENIX Workshop on Hot Topics in Parallelism},
  year = {2012},
  location = {Berkeley, CA},
  url = {https://www.usenix.org/conference/hotpar12/fine-grained-resource-sharing-concurrent-gpgpu-kernels},
  publisher = {USENIX},
  address = {Berkeley, CA}
}

@inproceedings{Park+:ASPLOS15,
 author = {Park, Jason Jong Kyu and Park, Yongjun and Mahlke, Scott},
 title = {Chimera: Collaborative Preemption for Multitasking on a Shared GPU},
 booktitle = {ASPLOS},
 year = {2015},
}

@inproceedings{Tanasic+:ISCA14,
 author = {Tanasic, Ivan and Gelado, Isaac and Cabezas, Javier and Ramirez, Alex and Navarro, Nacho and Valero, Mateo},
 title = {Enabling Preemptive Multiprogramming on GPUs},
 booktitle = {ISCA},
 year = {2014},
}

@article{Wang+:CAL15,
  author = {Zhenning Wang and Jun Yang and Rami Melhem and Bruce Childers and Youtao Zhang and Minyi Guo},
  title = {Simultaneous Multikernel: Fine-grained Sharing of GPGPUs},
  journal   = {{IEEE} COMPUTER ARCHITECTURE LETTERS},
  volume    = {PP},
  number    = {99},
  pages     = {748--760},
  year      = {2015},
}

@inproceedings{Jog+:MEMSYS15,
 author = {Jog, Adwait and Kayiran, Onur and Kesten, Tuba and Pattnaik, Ashutosh and Bolotin, Evgeny and Chatterjee, Niladrish and Keckler, Stephen W. and Kandemir, Mahmut T. and Das, Chita R.},
 title = {Anatomy of GPU Memory System for Multi-Application Execution},
 booktitle = {Proceedings of the 2015 International Symposium on Memory Systems},
 series = {MEMSYS '15},
 year = {2015},
 isbn = {978-1-4503-3604-8},
 location = {Washington DC, DC, USA},
 pages = {223--234},
 numpages = {12},
 url = {http://doi.acm.org/10.1145/2818950.2818979},
 doi = {10.1145/2818950.2818979},
 acmid = {2818979},
 publisher = {ACM},
 address = {New York, NY, USA},
 keywords = {Analytical Modeling, GPGPUs, Memory System},
}

@article{Liang+:TPDS15,
  author    = {Yun Liang and
               Huynh Phung Huynh and
               Kyle Rupnow and
               Rick Siow Mong Goh and
               Deming Chen},
  title     = {Efficient {GPU} Spatial-Temporal Multitasking},
  journal   = {{IEEE} Trans. Parallel Distrib. Syst.},
  volume    = {26},
  number    = {3},
  pages     = {748--760},
  year      = {2015},
  url       = {http://dx.doi.org/10.1109/TPDS.2014.2313342},
  doi       = {10.1109/TPDS.2014.2313342},
  timestamp = {Fri, 04 Mar 2016 19:57:00 +0100},
  biburl    = {http://dblp.uni-trier.de/rec/bib/journals/tpds/LiangHRGC15},
  bibsource = {dblp computer science bibliography, http://dblp.org}
}

@inproceedings{Adriaens+:HPCA12,
  author    = {Jacob Adriaens and
               Katherine Compton and
               Nam Sung Kim and
               Michael J. Schulte},
  title     = {The case for {GPGPU} spatial multitasking},
  booktitle = {HPCA},
  year      = {2012},
}

@inproceedings{Kato+:ATC11,
 author = {Kato, Shinpei and Lakshmanan, Karthik and Rajkumar, Ragunathan and Ishikawa, Yutaka},
 title = {TimeGraph: GPU Scheduling for Real-time Multi-tasking Environments},
 booktitle = {Proceedings of the 2011 USENIX Conference on USENIX Annual Technical Conference},
 series = {USENIXATC'11},
 year = {2011},
 location = {Portland, OR},
 pages = {2--2},
 numpages = {1},
 url = {http://dl.acm.org/citation.cfm?id=2002181.2002183},
 acmid = {2002183},
 publisher = {USENIX Association},
 address = {Berkeley, CA, USA},
}

@inproceedings{Chen+:ASPLOS16,
 author = {Quan Chen and Hailong Yang and Jason Mars and Lingjia Tang},
 title = {Baymax : QoS Awareness and Increased Utilization of Non-Preemptive Accelerators
   in Warehouse Scale Computers},
 booktitle = {ASPLOS},
 year = {2016},
}

@inproceedings{Zhang+:ASPLOS16,
 author = {Huazhe Zhang and Henry Hoffmann},
 title = {Maximizing Performance Under a Power Cap: A Comparison of Hardware, Software, and Hybrid Techniques},
 booktitle = {Proceedings of the 21st International Conference on Architectural Support for Programming Languages and Operating Systems},
 series = {ASPLOS '16},
 year = {2016},
 location = {Atlanta, GA},
}

@inproceedings{Beamer+:SC12,
 author = {Beamer, Scott and Asanovi\'{c}, Krste and Patterson, David},
 title = {Direction-optimizing Breadth-first Search},
 booktitle = {Proceedings of the International Conference on High Performance Computing, Networking, Storage and Analysis},
 series = {SC '12},
 year = {2012},
 isbn = {978-1-4673-0804-5},
 location = {Salt Lake City, Utah},
 pages = {12:1--12:10},
 articleno = {12},
 numpages = {10},
 url = {http://dl.acm.org/citation.cfm?id=2388996.2389013},
 acmid = {2389013},
 publisher = {IEEE Computer Society Press},
 address = {Los Alamitos, CA, USA},
}

@article{Chen+:MICROJ15,
  author    = {Guoyang Chen and
               Bo Wu and
               Dong Li and
               Xipeng Shen},
  title     = {Enabling Portable Optimizations of Data Placement on {GPU}},
  journal   = {{IEEE} Micro},
  volume    = {35},
  number    = {4},
  pages     = {16--24},
  year      = {2015},
  url       = {http://dx.doi.org/10.1109/MM.2015.53},
  doi       = {10.1109/MM.2015.53},
  timestamp = {Wed, 09 Dec 2015 09:56:59 +0100},
  biburl    = {http://dblp.uni-trier.de/rec/bib/journals/micro/ChenWLS15},
  bibsource = {dblp computer science bibliography, http://dblp.org}
}

@inproceedings{Wu+:PACT11,
  author    = {Bo Wu and
               Eddy Z. Zhang and
               Xipeng Shen},
  title     = {Enhancing Data Locality for Dynamic Simulations through Asynchronous
               Data Transformations and Adaptive Control},
  booktitle = {2011 International Conference on Parallel Architectures and Compilation
               Techniques, {PACT} 2011, Galveston, TX, USA, October 10-14, 2011},
  pages     = {243--252},
  year      = {2011},
  doi       = {10.1109/PACT.2011.56},
  timestamp = {Mon, 11 Aug 2014 17:11:12 +0200},
  bibsource = {dblp computer science bibliography, http://dblp.org}
}

@inproceedings{Wu+:OOPSLA12,
  author    = {Bo Wu and
               Zhijia Zhao and
               Xipeng Shen and
               Yunlian Jiang and
               Yaoqing Gao and
               Ra{\'{u}}l Silvera},
  title     = {Exploiting inter-sequence correlations for program behavior prediction},
  booktitle = {Proceedings of the 27th Annual {ACM} {SIGPLAN} Conference on Object-Oriented
               Programming, Systems, Languages, and Applications, {OOPSLA} 2012,
               part of {SPLASH} 2012, Tucson, AZ, USA, October 21-25, 2012},
  pages     = {851--866},
  year      = {2012},
  doi       = {10.1145/2384616.2384678},
  timestamp = {Tue, 23 Oct 2012 08:56:35 +0200},
  bibsource = {dblp computer science bibliography, http://dblp.org}
}

@inproceedings{Guo+:ICS12,
  author    = {Ziyu Guo and
               Bo Wu and
               Xipeng Shen},
  title     = {One stone two birds: synchronization relaxation and redundancy removal
               in {GPU-CPU} translation},
  booktitle = {International Conference on Supercomputing, ICS'12, Venice, Italy,
               June 25-29, 2012},
  pages     = {25--36},
  year      = {2012},
  doi       = {10.1145/2304576.2304583},
  timestamp = {Tue, 26 Jun 2012 12:51:33 +0200},
  bibsource = {dblp computer science bibliography, http://dblp.org}
}

@inproceedings{Wu+:PPOPP13,
  author    = {Bo Wu and
               Zhijia Zhao and
               Eddy Zheng Zhang and
               Yunlian Jiang and
               Xipeng Shen},
  title     = {Complexity analysis and algorithm design for reorganizing data to
               minimize non-coalesced memory accesses on {GPU}},
  booktitle = {{ACM} {SIGPLAN} Symposium on Principles and Practice of Parallel Programming,
               PPoPP '13, Shenzhen, China, February 23-27, 2013},
  pages     = {57--68},
  year      = {2013},
  doi       = {10.1145/2442516.2442523},
  timestamp = {Sun, 16 Mar 2014 14:20:37 +0100},
  bibsource = {dblp computer science bibliography, http://dblp.org}
}

@inproceedings{Wu+:ECOOP13,
  author    = {Bo Wu and
               Mingzhou Zhou and
               Xipeng Shen and
               Yaoqing Gao and
               Ra{\'{u}}l Silvera and
               Graham Yiu},
  title     = {Simple Profile Rectifications Go a Long Way - Statistically Exploring
               and Alleviating the Effects of Sampling Errors for Program Optimizations},
  booktitle = {{ECOOP} 2013 - Object-Oriented Programming - 27th European Conference,
               Montpellier, France, July 1-5, 2013. Proceedings},
  pages     = {654--678},
  year      = {2013},
  doi       = {10.1007/978-3-642-39038-8_27},
  timestamp = {Thu, 27 Jun 2013 13:57:54 +0200},
  bibsource = {dblp computer science bibliography, http://dblp.org}
}

@inproceedings{Zhou+:CGO13,
  author    = {Mingzhou Zhou and
               Bo Wu and
               Yufei Ding and
               Xipeng Shen},
  title     = {Profmig: {A} framework for flexible migration of program profiles
               across software versions},
  booktitle = {Proceedings of the 2013 {IEEE/ACM} International Symposium on Code
               Generation and Optimization, {CGO} 2013, Shenzhen, China, February
               23-27, 2013},
  pages     = {17:1--17:12},
  year      = {2013},
  doi       = {10.1109/CGO.2013.6494984},
  timestamp = {Fri, 24 Apr 2015 14:24:51 +0200},
  bibsource = {dblp computer science bibliography, http://dblp.org}
}

@inproceedings{Wang+:PACT13,
  author    = {Bin Wang and
               Bo Wu and
               Dong Li and
               Xipeng Shen and
               Weikuan Yu and
               Yizheng Jiao and
               Jeffrey S. Vetter},
  title     = {Exploring hybrid memory for {GPU} energy efficiency through software-hardware
               co-design},
  booktitle = {Proceedings of the 22nd International Conference on Parallel Architectures
               and Compilation Techniques, Edinburgh, United Kingdom, September 7-11,
               2013},
  pages     = {93--102},
  year      = {2013},
  doi       = {10.1109/PACT.2013.6618807},
  timestamp = {Tue, 02 Jun 2015 18:34:40 +0200},
  bibsource = {dblp computer science bibliography, http://dblp.org}
}

@inproceedings{Zhao+:OOPSLA14,
  author    = {Zhijia Zhao and
               Bo Wu and
               Mingzhou Zhou and
               Yufei Ding and
               Jianhua Sun and
               Xipeng Shen and
               Youfeng Wu},
  title     = {Call sequence prediction through probabilistic calling automata},
  booktitle = {Proceedings of the 2014 {ACM} International Conference on Object Oriented
               Programming Systems Languages {\&} Applications, {OOPSLA} 2014,
               part of {SPLASH} 2014, Portland, OR, USA, October 20-24, 2014},
  pages     = {745--762},
  year      = {2014},
  doi       = {10.1145/2660193.2660221},
  timestamp = {Thu, 16 Oct 2014 09:16:19 +0200},
  bibsource = {dblp computer science bibliography, http://dblp.org}
}

@inproceedings{Chen+:MICRO14,
  author    = {Guoyang Chen and
               Bo Wu and
               Dong Li and
               Xipeng Shen},
  title     = {{PORPLE:} An Extensible Optimizer for Portable Data Placement on {GPU}},
  booktitle = {47th Annual {IEEE/ACM} International Symposium on Microarchitecture,
               {MICRO} 2014, Cambridge, United Kingdom, December 13-17, 2014},
  pages     = {88--100},
  year      = {2014},
  doi       = {10.1109/MICRO.2014.20},
  timestamp = {Tue, 08 Sep 2015 16:21:52 +0200},
  bibsource = {dblp computer science bibliography, http://dblp.org}
}

@inproceedings{Zhao+:ASPLOS14,
  author    = {Zhijia Zhao and
               Bo Wu and
               Xipeng Shen},
  title     = {Challenging the "embarrassingly sequential": parallelizing finite
               state machine-based computations through principled speculation},
  booktitle = {Architectural Support for Programming Languages and Operating Systems,
               {ASPLOS} '14, Salt Lake City, UT, USA, March 1-5, 2014},
  pages     = {543--558},
  year      = {2014},
  doi       = {10.1145/2541940.2541989},
  timestamp = {Wed, 05 Mar 2014 20:44:09 +0100},
  bibsource = {dblp computer science bibliography, http://dblp.org}
}

@inproceedings{Zhu+:HOTOS15,
  author    = {Qi Zhu and
               Meng Zhu and
               Bo Wu and
               Xipeng Shen and
               Kai Shen and
               Zhiying Wang},
  title     = {Software Engagement with Sleeping CPUs},
  booktitle = {15th Workshop on Hot Topics in Operating Systems, HotOS XV, Kartause
               Ittingen, Switzerland, May 18-20, 2015},
  year      = {2015},
}

@inproceedings{Zhu+:LCPC14,
  author    = {Qi Zhu and
               Bo Wu and
               Xipeng Shen and
               Li Shen and
               Zhiying Wang},
  title     = {Understanding Co-run Degradations on Integrated Heterogeneous Processors},
  booktitle = {Languages and Compilers for Parallel Computing - 27th International
               Workshop, {LCPC} 2014, Hillsboro, OR, USA, September 15-17, 2014,
               Revised Selected Papers},
  pages     = {82--97},
  year      = {2014},
}

@inproceedings{Wu+:ICS15,
  author    = {Bo Wu and
               Guoyang Chen and
               Dong Li and
               Xipeng Shen and
               Jeffrey S. Vetter},
  title     = {Enabling and Exploiting Flexible Task Assignment on {GPU} through
               SM-Centric Program Transformations},
  booktitle = {ICS},
  year      = {2015},
}

@inproceedings{Menychtas+:ASPLOS14,
  author    = {Konstantinos Menychtas and
               Kai Shen and
               Michael L. Scott},
  title     = {Disengaged scheduling for fair, protected access to fast computational
               accelerators},
  booktitle = {Architectural Support for Programming Languages and Operating Systems,
               {ASPLOS} '14, Salt Lake City, UT, USA, March 1-5, 2014},
  pages     = {301--316},
  year      = {2014},
}

@inproceedings{Wang+:ATC15,
author = {Kai Wang and Guoqing Xu and Zhendong Su and Yu David Liu},
title = {GraphQ: Graph Query Processing with Abstraction Refinement{\textemdash}Scalable and Programmable Analytics over Very Large Graphs on a Single PC},
booktitle = {2015 USENIX Annual Technical Conference (USENIX ATC 15)},
year = {2015},
month = Jul,
isbn = {978-1-931971-225},
address = {Santa Clara, CA},
pages = {387--401},
}

@inproceedings{Miguel+:MICRO15,
 author = {Miguel, Joshua San and Albericio, Jorge and Moshovos, Andreas and Jerger, Natalie Enright},
 title = {Doppelg\"{A}Nger: A Cache for Approximate Computing},
 booktitle = {Proceedings of the 48th International Symposium on Microarchitecture},
 series = {MICRO-48},
 year = {2015},
 isbn = {978-1-4503-4034-2},
 location = {Waikiki, Hawaii},
 pages = {50--61},
 numpages = {12},
 address = {New York, NY, USA},
}

@inproceedings{Wang+:ISCA15,
 author = {Wang, Jin and Rubin, Norm and Sidelnik, Albert and Yalamanchili, Sudhakar},
 title = {Dynamic Thread Block Launch: A Lightweight Execution Mechanism to Support Irregular Applications on GPUs},
 booktitle = {Proceedings of the 42Nd Annual International Symposium on Computer Architecture},
 series = {ISCA '15},
 year = {2015},
 isbn = {978-1-4503-3402-0},
 location = {Portland, Oregon},
 pages = {528--540},
 numpages = {13},
 publisher = {ACM},
 address = {New York, NY, USA},
}

@inproceedings{Zhang+:DAC14,
 author = {Zhang, Qian and Yuan, Feng and Ye, Rong and Xu, Qiang},
 title = {ApproxIt: An Approximate Computing Framework for Iterative Methods},
 booktitle = {Proceedings of the 51st Annual Design Automation Conference},
 series = {DAC '14},
 year = {2014},
 isbn = {978-1-4503-2730-5},
 location = {San Francisco, CA, USA},
 pages = {97:1--97:6},
 articleno = {97},
 numpages = {6},
 publisher = {ACM},
 address = {New York, NY, USA},
}

@inproceedings{Zhu+:ASPLOS16,
 author = {Haishan Zhu and Mattan Erez},
 title = {Dirigent: Enforcing QoS for Latency-Critical Tasks on Shared Multicore Systems},
 booktitle = {ASPLOS},
 year = {2016},
}

@inproceedings{Tian+:ATC14,
author = {Kun Tian and Yaozu Dong and David Cowperthwaite},
title = {A Full GPU Virtualization Solution with Mediated Pass-Through},
booktitle = {2014 USENIX Annual Technical Conference (USENIX ATC 14)},
year = {2014},
month = Jun,
isbn = {978-1-931971-10-2},
address = {Philadelphia, PA},
pages = {121--132},
url = {https://www.usenix.org/conference/atc14/technical-sessions/presentation/tian},
publisher = {USENIX Association},
}

@inproceedings{Suzuki+:ATC14,
author = {Yusuke Suzuki and Shinpei Kato and Hiroshi Yamada and Kenji Kono},
title = {GPUvm: Why Not Virtualizing GPUs at the Hypervisor?},
booktitle = {2014 USENIX Annual Technical Conference (USENIX ATC 14)},
year = {2014},
month = Jun,
isbn = {978-1-931971-10-2},
address = {Philadelphia, PA},
pages = {109--120},
url = {https://www.usenix.org/conference/atc14/technical-sessions/presentation/suzuki},
publisher = {USENIX Association},
}

@inproceedings{Dong+:ATC15,
  author = {Yaozu Dong and Mochi Xue and Xiao Zheng and Jiajun Wang and Zhengwei Qi and Haibing Guan},
  title = {Boosting GPU Virtualization Performance with Hybrid Shadow Page Tables},
  booktitle = {2015 USENIX Annual Technical Conference (USENIX ATC 15)},
  year = {2015},
  month = Jul,
  isbn = {978-1-931971-225},
  address = {Santa Clara, CA},
  pages = {517--528},
  publisher = {USENIX Association},
}

@inproceedings{Kehne+:VEE15,
   author = {Kehne, Jens and Metter, Jonathan and Bellosa, Frank},
   title = {GPUswap: Enabling Oversubscription of GPU Memory through Transparent Swapping},
   booktitle = {Proceedings of the 11th ACM SIGPLAN/SIGOPS International Conference on Virtual Execution Environments (VEE '15)},
   pages={65-77},
   doi={10.1145/2731186.2731192},
   address = {Istanbul, Turkey},
   year = 2015,
   month = mar # "~14--15",
 }

@inproceedings{Venkat+:PLDI15,
 author = {Venkat, Anand and Hall, Mary and Strout, Michelle},
 title = {Loop and Data Transformations for Sparse Matrix Code},
 booktitle = {Proceedings of the 36th ACM SIGPLAN Conference on Programming Language Design and Implementation},
 series = {PLDI 2015},
 year = {2015},
 isbn = {978-1-4503-3468-6},
 location = {Portland, OR, USA},
 pages = {521--532},
 numpages = {12},
 url = {http://doi.acm.org/10.1145/2737924.2738003},
 doi = {10.1145/2737924.2738003},
 acmid = {2738003},
 publisher = {ACM},
 address = {New York, NY, USA},
 keywords = {inspector/executor, loop transformations, non-affine, polyhedral model, sparse matrices},
}

@inproceedings{Zhou+:RTAS15,
  author    = {Husheng Zhou and
               Guangmo Tong and
               Cong Liu},
  title     = {{GPES:} a preemptive execution system for {GPGPU} computing},
  booktitle = {21st {IEEE} Real-Time and Embedded Technology and Applications Symposium,
               Seattle, WA, USA, April 13-16, 2015},
  pages     = {87--97},
  year      = {2015},
  url       = {http://dx.doi.org/10.1109/RTAS.2015.7108420},
  doi       = {10.1109/RTAS.2015.7108420},
  timestamp = {Thu, 21 May 2015 13:25:24 +0200},
  biburl    = {http://dblp2.uni-trier.de/rec/bib/conf/rtas/ZhouTL15},
  bibsource = {dblp computer science bibliography, http://dblp.org}
}

@article{Jeong+:IPDPS06,
  author    = {Jaeheon Jeong and
               Michel Dubois},
  title     = {Cache Replacement Algorithms with Nonuniform Miss Costs},
  journal   = {{IEEE} Trans. Computers},
  volume    = {55},
  number    = {4},
  pages     = {353--365},
  year      = {2006},
  url       = {http://dx.doi.org/10.1109/TC.2006.50},
  doi       = {10.1109/TC.2006.50},
  timestamp = {Tue, 22 Dec 2015 15:14:10 +0100},
  biburl    = {http://dblp.uni-trier.de/rec/bib/journals/tc/JeongD06},
  bibsource = {dblp computer science bibliography, http://dblp.org}
}

@InProceedings{Imam+:ECOOP15,
  author =	{Shams Imam and Vivek Sarkar},
  title =	{{The Eureka Programming Model for Speculative Task Parallelism}},
  booktitle =	{29th European Conference on Object-Oriented Programming (ECOOP 2015)},
  pages =	{421--444},
  series =	{Leibniz International Proceedings in Informatics (LIPIcs)},
  ISBN =	{978-3-939897-86-6},
  ISSN =	{1868-8969},
  year =	{2015},
  volume =	{37},
  editor =	{John Tang Boyland},
  publisher =	{Schloss Dagstuhl--Leibniz-Zentrum fuer Informatik},
  address =	{Dagstuhl, Germany},
  URL =		{http://drops.dagstuhl.de/opus/volltexte/2015/5232},
  URN =		{urn:nbn:de:0030-drops-52327},
  doi =		{http://dx.doi.org/10.4230/LIPIcs.ECOOP.2015.421},
  annote =	{Keywords: Async-Finish Model, Delimited Continuations, Eureka Model, Parallel Programming, Speculative Parallelism, Task Cancellation, Task Termination}
}

@inproceedings{Lee+:ISCA15,
 author = {Lee, Shin-Ying and Arunkumar, Akhil and Wu, Carole-Jean},
 title = {CAWA: Coordinated Warp Scheduling and Cache Prioritization for Critical Warp Acceleration of GPGPU Workloads},
 booktitle = {Proceedings of the 42Nd Annual International Symposium on Computer Architecture},
 series = {ISCA '15},
 year = {2015},
 isbn = {978-1-4503-3402-0},
 location = {Portland, Oregon},
 pages = {515--527},
 numpages = {13},
 url = {http://doi.acm.org/10.1145/2749469.2750418},
 doi = {10.1145/2749469.2750418},
 acmid = {2750418},
 publisher = {ACM},
 address = {New York, NY, USA},
}

@inproceedings{Rossbach+:SOSP11,
 author = {Rossbach, Christopher J. and Currey, Jon and Silberstein, Mark and Ray, Baishakhi and Witchel, Emmett},
 title = {PTask: Operating System Abstractions to Manage GPUs As Compute Devices},
 booktitle = {Proceedings of the Twenty-Third ACM Symposium on Operating Systems Principles},
 series = {SOSP '11},
 year = {2011},
 isbn = {978-1-4503-0977-6},
 location = {Cascais, Portugal},
 pages = {233--248},
 numpages = {16},
 url = {http://doi.acm.org/10.1145/2043556.2043579},
 doi = {10.1145/2043556.2043579},
 acmid = {2043579},
 publisher = {ACM},
 address = {New York, NY, USA},
 keywords = {GPGPU, GPUs, OS design, accelerators, dataflow, gestural interface, operating systems},
}

@inproceedings{Yu+:MICRO15,
 author = {Yu, Xiangyao and Hughes, Christopher J. and Satish, Nadathur and Devadas, Srinivas},
 title = {IMP: Indirect Memory Prefetcher},
 booktitle = {Proceedings of the 48th International Symposium on Microarchitecture},
 series = {MICRO-48},
 year = {2015},
 isbn = {978-1-4503-4034-2},
 location = {Waikiki, Hawaii},
 pages = {178--190},
 numpages = {13},
 url = {http://doi.acm.org/10.1145/2830772.2830807},
 doi = {10.1145/2830772.2830807},
 acmid = {2830807},
 publisher = {ACM},
 address = {New York, NY, USA},
}



@inproceedings{Davidson+:IPDPS2014,
  author = {Andrew Davidson and Sean Baxter and Michael Garland
                  and John D. Owens},
  title = {Work-Efficient Parallel {GPU} Methods for Single
                  Source Shortest Paths},
  booktitle = {Proceedings of the 28th IEEE International
                  Parallel and Distributed Processing Symposium},
  year = {2014},
  month = {may}
}

@inproceedings{Fu+:GRADES14,
  author    = {Zhisong Fu and
               Bryan B. Thompson and
               Michael Personick},
  title     = {MapGraph: A High Level API for Fast Development of High
               Performance Graph Analytics on GPUs},
  booktitle = {GRADES},
  year      = {2014}
}

@inproceedings{Nilakant+:SFMA14,
  author = {Karthik Nilakant and Eiko Yoneki},
  title  = {On the Efficacy of APUs for Heterogeneous Graph Computation},
  booktitle = {4th Workshop on Systems for Future Multi-core Architectures},
  year = {2014},
  month = {April}
}

@inproceedings{Spafford+:CF12,
 author = {Spafford, Kyle L. and Meredith, Jeremy S. and Lee, Seyong and Li, Dong and Roth, Philip C. and Vetter, Jeffrey S.},
 title = {The Tradeoffs of Fused Memory Hierarchies in Heterogeneous Computing Architectures},
 booktitle = {Proceedings of the 9th Conference on Computing Frontiers},
 series = {CF '12},
 year = {2012},
 location = {Cagliari, Italy},
 pages = {103--112},
 numpages = {10}
}

@inproceedings{Gupta+:INPAR12,
title	=	"A Study of Persistent Threads Style GPU Programming for GPGPU Workloads ",
booktitle	=	"Innovative Parallel Computing",
author	=	"Kshitij Gupta AND Jeff A. Stuart AND John D. Owens ",
year	=	"2012",
month	=	may,
keywords	=	"GPGPU, GPU Computing, GPU Programming Style, Persistent Threads",
pages	=	"14",
location	=	"San Jose, CA",
}

@inproceedings{Wang+:SIGMETRICS14,
 author = {Wang, Kaibo and Ding, Xiaoning and Lee, Rubao and Kato, Shinpei and Zhang, Xiaodong},
 title = {GDM: Device Memory Management for Gpgpu Computing},
 booktitle = {The 2014 ACM International Conference on Measurement and Modeling of Computer Systems},
 series = {SIGMETRICS '14},
 year = {2014},
 isbn = {978-1-4503-2789-3},
 location = {Austin, Texas, USA},
 pages = {533--545},
 numpages = {13},
 publisher = {ACM},
 address = {New York, NY, USA},
}

@inproceedings{Kato+:RTSS11,
  author    = {Shinpei Kato and
               Karthik Lakshmanan and
               Aman Kumar and
               Mihir Kelkar and
               Yutaka Ishikawa and
               Ragunathan Rajkumar},
  title     = {{RGEM:} {A} Responsive {GPGPU} Execution Model for Runtime Engines},
  booktitle = {Proceedings of the 32nd {IEEE} Real-Time Systems Symposium, {RTSS}
               2011, Vienna, Austria, November 29 - December 2, 2011},
  pages     = {57--66},
  year      = {2011},
  url       = {http://dx.doi.org/10.1109/RTSS.2011.13},
  doi       = {10.1109/RTSS.2011.13},
  timestamp = {Tue, 20 Jan 2015 18:19:00 +0100},
  biburl    = {http://dblp.uni-trier.de/rec/bib/conf/rtss/KatoLKKIR11},
  bibsource = {dblp computer science bibliography, http://dblp.org}
}

@inproceedings{Basaran+:ECRTS12,
  author    = {Can Basaran and
               Kyoung{-}Don Kang},
  title     = {Supporting Preemptive Task Executions and Memory Copies in GPGPUs},
  booktitle = {24th Euromicro Conference on Real-Time Systems, {ECRTS} 2012, Pisa,
               Italy, July 11-13, 2012},
  pages     = {287--296},
  year      = {2012},
  url       = {http://dx.doi.org/10.1109/ECRTS.2012.15},
  doi       = {10.1109/ECRTS.2012.15},
  timestamp = {Mon, 02 Feb 2015 17:46:42 +0100},
  biburl    = {http://dblp.uni-trier.de/rec/bib/conf/ecrts/BasaranK12},
  bibsource = {dblp computer science bibliography, http://dblp.org}
}
@inproceedings{Kato+:ATC12,
  author = {Shinpei Kato and Michael McThrow and Carlos Maltzahn and Scott Brandt},
  title = {Gdev: First-Class GPU Resource Management in the Operating System},
  booktitle = {Presented as part of the 2012 USENIX Annual Technical Conference (USENIX ATC 12)},
  year = {2012},
  isbn = {978-931971-93-5},
  address = {Boston, MA},
  pages = {401--412},
  publisher = {USENIX},
}

@TechReport{Fermi,
  author = {{NVIDIA}},
  title = {NVIDIA's Next Generation CUDA Computer Architecture: Fermi},
}

@TechReport{Kepler,
  author = {{NVIDIA}},
  title = {Next generation CUDA computer architecture Kepler GK110},
  year = {2012},
}

@misc{CUDASDK,
  title = {CUDA Software Development Toolkit v7.0},
  note = {{\texttt https://developer.nvidia.com/cuda-toolkit-70}},
  author = {NVIDIA},
}

@TechReport{MPS,
  author = {{NVIDIA}},
  title = {Sharing a GPU between MPI processes: multi-process service (MPS) overview},
  year = {2013},
}

@misc{CUDA,
  title = {{NVIDIA} {CUDA}},
  note = {\url{http://www.nvidia.com/cuda}}
}

@misc{OpenCL,
  title = { {OpenCL}},
  note = {\url{http://www.khronos.org/opencl/}}
}

@misc{gigathread,
  author = {NVIDIA},
 title = {NVIDIA's Next Generation CUDA Computer Architecture: Fermi},
}

@inproceedings{Pai+:ASPLOS13,
 author = {Pai, Sreepathi and Thazhuthaveetil, Matthew J. and Govindarajan, R.},
 title = {Improving GPGPU Concurrency with Elastic Kernels},
 booktitle = {Proceedings of the Eighteenth International Conference on Architectural Support for Programming Languages and Operating Systems},
 series = {ASPLOS '13},
 year = {2013},
 location = {Houston, Texas, USA},
 pages = {407--418},
 numpages = {12},
 address = {New York, NY, USA},
}


@article{Wang+:VLDB14,
 author = {Wang, Kaibo and Zhang, Kai and Yuan, Yuan and Ma, Siyuan and Lee, Rubao and Ding, Xiaoning and Zhang, Xiaodong},
 title = {Concurrent Analytical Query Processing with GPUs},
 journal = {Proc. VLDB Endow.},
 issue_date = {July 2014},
 volume = {7},
 number = {11},
 month = jul,
 year = {2014},
 pages = {1011--1022},
 numpages = {12},
 publisher = {VLDB Endowment},
}

@inproceedings{Margiolas:ICS2015,
 author = {Margiolas, Christos and O'Boyle, Michael F.P.},
 title = {PALMOS: A Transparent, Multi-tasking Acceleration Layer for Parallel Heterogeneous Systems},
 booktitle = {Proceedings of the 29th ACM on International Conference on Supercomputing},
 series = {ICS '15},
 year = {2015},
 location = {Newport Beach, California, USA},
 pages = {307--318},
 numpages = {12},
 publisher = {ACM},
 address = {New York, NY, USA},
}

@article{reorder,
  author    = {Teng Li and
               Vikram K. Narayana and
               Tarek A. El{-}Ghazawi},
  title     = {Reordering {GPU} Kernel Launches to Enable Efficient Concurrent Execution},
  journal   = {CoRR},
  volume    = {abs/1511.07983},
  year      = {2015},
  timestamp = {Tue, 01 Dec 2015 19:22:34 +0100},
  biburl    = {http://dblp.uni-trier.de/rec/bib/journals/corr/LiNE15a},
  bibsource = {dblp computer science bibliography, http://dblp.org}
}

@inproceedings{Margiolas:CGO2016,
 author = {Margiolas, Christos and O\&\#039;Boyle, Michael F. P.},
 title = {Portable and Transparent Software Managed Scheduling on Accelerators for Fair Resource Sharing},
 booktitle = {Proceedings of the 2016 International Symposium on Code Generation and Optimization},
 series = {CGO 2016},
 year = {2016},
 location = {Barcelona, Spain},
 pages = {82--93},
 numpages = {12},
 publisher = {ACM},
 address = {New York, NY, USA},
}
